@book{knuth,
  title={The Art of Computer Programming: Volume 1: Fundamental Algorithms},
  author={Knuth, D.E.},
  isbn={9780321635747},
  url={https://books.google.cz/books?id=x9AsAwAAQBAJ},
  year={1997},
  publisher={Pearson Education}
}

@misc{long_div,
  title={Division algorithm},
  author={Wikipedia},
  url={https://en.wikipedia.org/wiki/Division_algorithm},
  year={2017}
}


@misc{wiki,
  title={Pollard's Rho algorithm},
  author={Wikipedia},
  url={https://en.wikipedia.org/wiki/Pollard's_rho_algorithm},
  year={2017}
}


@misc{llvm,
  title={The LLVM Compiler Infrastructure},
  author={LLVM Community},
  url={https://github.com/Microsoft/llvm/blob/master/lib/Support/APInt.cpp},
  year={2017}
}

@misc{cuRAND,
  title={cuRAND},
  author={NVidia},
  url={https://developer.nvidia.com/curand},
  year={2017}
}
